<record><leader>00000cas a22000007a 4500</leader><controlfield tag="001">17485416</controlfield><controlfield tag="008">880216d189u1uuutxuwr ne      0    0eng d</controlfield><datafield ind1=" " ind2=" " tag="010"><subfield code="a">sn 88083293 </subfield></datafield><datafield ind1=" " ind2=" " tag="040"><subfield code="a">PPM</subfield><subfield code="b">eng</subfield><subfield code="c">PPM</subfield><subfield code="d">OCLCQ</subfield></datafield><datafield ind1=" " ind2=" " tag="042"><subfield code="a">msc</subfield></datafield><datafield ind1="0" ind2="4" tag="245"><subfield code="a">The Colmesneil weekly times.</subfield></datafield><datafield ind1="1" ind2="3" tag="246"><subfield code="a">Colmesneil times</subfield></datafield><datafield ind1=" " ind2=" " tag="260"><subfield code="a">Colmesneil, Tex. :</subfield><subfield code="b">F.H. Robinson</subfield></datafield><datafield ind1=" " ind2=" " tag="310"><subfield code="a">Weekly</subfield></datafield><datafield ind1=" " ind2=" " tag="588"><subfield code="a">Description based on: Vol. 4, no. 49 (Apr. 6, 1892).</subfield></datafield><datafield ind1=" " ind2=" " tag="752"><subfield code="a">United States</subfield><subfield code="b">Texas</subfield><subfield code="c">Tyler</subfield><subfield code="d">Colmesneil.</subfield></datafield><datafield ind1="0" ind2="0" tag="780"><subfield code="t">Times (Colmesneil, Tex.)</subfield><subfield code="w">(DLC)sn 88083291</subfield></datafield><datafield ind1="0" ind2="0" tag="785"><subfield code="t">Tyler County times</subfield><subfield code="w">(DLC)sn 87090302</subfield></datafield></record>